
@book{brettel_erfolgreiche_2009,
	title = {Erfolgreiche {Unternehmerteams}},
	isbn = {3-8349-0302-7},
	url = {http://sfx.metabib.ch/sfx_uzh?sid=ALEPH%3AEBI01&genre=book&isbn=978-3-8349-8236-0&id=doi%3A10.1007%2F978-3-8349-8236-0},
	author = {Brettel, Florian{\textbar}Sander, Thies{\textbar}Spieker, Marc{\textbar}Strigel, Marc{\textbar}Wei√ü, Kathrin, Malte{\textbar}Heinemann},
	year = {2009}
}