
@book{bierhoff_handbuch_2006,
	address = {Göttingen},
	edition = {1., Aufl.},
	title = {Handbuch der {Psychologie} / {Handbuch} der {Sozialpsychologie} und {Kommunikationspsychologie}},
	isbn = {9783801718442},
	abstract = {"Das Handbuch eignet sich hervorragend als  Informationsquelle für Studierende, Lehrende und  Forscher." Sucht Aktuell, 2/2006},
	language = {Deutsch},
	publisher = {Hogrefe Verlag},
	author = {Bierhoff, Hans W. and Frey, Dieter},
	month = jun,
	year = {2006}
}

@book{dick_teamwork_2013,
	address = {Göttingen},
	edition = {2., überarb. u. erw. Aufl.},
	series = {Praxis der {Personalpsychologie}},
	title = {Teamwork, {Teamdiagnose}, {Teamentwicklung}},
	volume = {Band 8, Ed. 2},
	isbn = {9783840924811},
	language = {ger},
	publisher = {Hogrefe},
	author = {Dick, Rolf van and {Michael A. West}},
	year = {2013},
	keywords = {Betriebliche Gruppenarbeit, Betriebliches Personalwesen, Betrieb Personalpolitik, Betrieb Personalwesen, Gruppe Dynamik, Gruppenarbeit Betrieb, Gruppendynamik, Gruppenprozess, Online-Publikation, Personalarbeit, Personalmanagement, Personalpolitik, Personalpsychologie, Personal Psychologie, Personalwesen, Personalwirtschaft, Personalwirtschaftslehre Personalpolitik, Personalwirtschaftslehre Personalwesen, Teamarbeit, Teamentwicklung, Teamwork, Unternehmen Personalpolitik, Unternehmen Personalwesen, Unternehmen Teamentwicklung}
}

@book{thomas_grundris_1991,
	title = {Grundriß der {Sozialpsychologie}, in 2 {Bdn}., {Bd}.2, {Individuum}, {Gruppe}, {Gesellschaft}: {BD} 2},
	shorttitle = {Grundriß der {Sozialpsychologie}, in 2 {Bdn}., {Bd}.2, {Individuum}, {Gruppe}, {Gesellschaft}},
	language = {Deutsch},
	publisher = {Hogrefe Verlag},
	author = {Thomas, Alexander},
	month = nov,
	year = {1991}
}

@incollection{sturm_arbeit_2011,
	title = {Arbeit in {Gruppen}},
	copyright = {©2011 VS Verlag für Sozialwissenschaften {\textbar} Springer Fachmedien Wiesbaden GmbH, Wiesbaden},
	isbn = {978-3-531-16725-1, 978-3-531-93074-9},
	url = {http://link.springer.com/chapter/10.1007/978-3-531-93074-9_4},
	abstract = {Wieviel Wahrheit steckt in diesem Zitat von Schiller? Auf jeden Fall sind Gruppenarbeit und das Arbeiten in Teams aus dem heutigen Arbeitsleben nicht mehr wegzudenken. Im folgenden Kapitel wird nach einer historischen Einordnung von Gruppenarbeit im organisationalen Kontext in Europa zunächst der Begriff Gruppenarbeit näher bestimmt, Entwicklungsprozesse von Gruppen dargestellt und erörtert, unter welchen Voraussetzungen und Bedingungen Gruppenarbeit eingeführt werden sollte. Im Anschluss daran erfolgt eine genauere Betrachtung der unterschiedlich en Formen von Gruppenarbeit und speziellen psychologischen Gruppenphänomenen, bevor mögliche Vor- und Nachteile der Gruppenarbeit behandelt werden.},
	language = {de},
	urldate = {2015-05-25},
	booktitle = {Organisationspsychologie},
	publisher = {VS Verlag für Sozialwissenschaften},
	author = {Sturm, Alexandra and Opterbeck, Ilga and Gurt, Jochen},
	year = {2011},
	keywords = {Industrial and Organisational Psychology},
	pages = {99--116},
	file = {Full Text PDF:C\:\\Users\\Beni\\AppData\\Roaming\\Mozilla\\Firefox\\Profiles\\x59qofel.default\\zotero\\storage\\FSUEVGIK\\Sturm et al. - 2011 - Arbeit in Gruppen.pdf:application/pdf;Snapshot:C\:\\Users\\Beni\\AppData\\Roaming\\Mozilla\\Firefox\\Profiles\\x59qofel.default\\zotero\\storage\\BRF8PIB5\\978-3-531-93074-9_4.html:text/html}
}

@misc{_gruppen-bildung_????,
	title = {Gruppen-{Bildung} – {Facebook}-{Gruppen}, {WhatsApp} und {Co}. zum {Lernen} nutzen{\textbar} {Web} 2.0 in der politischen {Bildung}},
	url = {http://pb21.de/2014/07/gruppen-bildung-facebook-gruppen-whatsapp-und-co-zum-lernen-nutzen/},
	abstract = {Vergleich verschiedener Gruppen-Funktionen bei Facebook, Google+, BuddyPress, Threema, WhatsApp und anderen. Dazu: Ideen für den Einsatz in der Bildung},
	urldate = {2015-05-25},
	journal = {\#pb21 {\textbar} Web 2.0 in der politischen Bildung},
	file = {Snapshot:C\:\\Users\\Beni\\AppData\\Roaming\\Mozilla\\Firefox\\Profiles\\x59qofel.default\\zotero\\storage\\ZJBRH24W\\gruppen-bildung-facebook-gruppen-whatsapp-und-co-zum-lernen-nutzen.html:text/html}
}

@book{spies_organisationspsychologie:_2010,
	title = {Organisationspsychologie: {Basiswissen}, {Konzepte} und {Anwendungsfelder}},
	isbn = {9783486583397},
	shorttitle = {Organisationspsychologie},
	abstract = {Die verschiedenen Facetten des Erlebens und Verhaltens in Organisationen werden in diesem Buch anhand organisationspsychologischen Basiswissens und psychologisch relevanter Konzepte vorgestellt. In exemplarischen Anwendungsfeldern wie Fuhrung, Personalauswahl, Gruppen- und Teamarbeit, Unternehmenszusammenschlussen, Unternehmenskultur, Beratung, Work-Life Balance, Karriereplanung, interkulturelles Handeln, Organisations- und Personalentwicklung sowie Gesundheit in Organisationen wird das organisationspsychologische Wissen verdeutlicht und diskutiert."},
	language = {de},
	publisher = {Oldenbourg Verlag},
	author = {Spieß, Erika and Rosenstiel, Lutz von},
	month = apr,
	year = {2010},
	keywords = {Social Science / General}
}