
@book{ward_benefits_2012,
	title = {Benefits {Management} : {How} to {Increase} the {Business} {Value} of {Your} {IT} {Projects} (2nd {Edition})},
	isbn = {1-119-99326-1},
	url = {http://sfx.metabib.ch/sfx_uzh?ctx_ver=Z39.88-2004&ctx_enc=info%3Aofi%2Fenc%3AUTF-8&ctx_tim=2015-04-03T15%3A25%3A38IST&url_ver=Z39.88-2004&url_ctx_fmt=infofi%2Ffmt%3Akev%3Amtx%3Actx&rfr_id=info%3Asid%2Fprimo.exlibrisgroup.com%3Aprimo3-Journal-ebi01_prod&rft_val_fmt=info%3Aofi%2Ffmt%3Akev%3Amtx%3Abook&rft.genre=&rft.atitle=&rft.jtitle=&rft.btitle=Benefits%20management%20%3A%20how%20to%20increase%20the%20business%20value%20of%20your%20IT%20projects&rft.aulast=&rft.auinit=&rft.auinit1=&rft.auinitm=&rft.ausuffix=&rft.au=Ward%2C%20John&rft.aucorp=&rft.volume=&rft.issue=&rft.part=&rft.quarter=&rft.ssn=&rft.spage=&rft.epage=&rft.pages=&rft.artnum=&rft.issn=&rft.eissn=&rft.isbn=978-1-119-99326-1&rft.sici=&rft.coden=&rft_id=info%3Adoi%2F&rft_id=info%3Aoai%2F&rft.object_id=&rft_dat=%3Cebi01_prod%3E009730256%3C%2Febi01_prod%3E%3Cgrp_id%3E131686796%3C%2Fgrp_id%3E%3Coa%3E%3C%2Foa%3E&rft.eisbn=&req.language=ger},
	author = {Ward, Elizabeth, John{\textbar}Daniel},
	year = {2012}
}

@inproceedings{ward_managing_2007,
	title = {Managing Benefits from IS/IT Investments: An Empirical Investigation into Current Practice},
	shorttitle = {Managing Benefits from IS/IT Investments},
	doi = {10.1109/HICSS.2007.330},
		booktitle = {40th {Annual} {Hawaii} {International} {Conference} on {System} {Sciences}, 2007. {HICSS} 2007},
	author = {Ward, J. and De Hertogh, S. and Viaene, S.},
	month = jan,
	year = {2007},
	pages = {206a--206a},
	}