
@book{bierhoff_handbuch_2006,
	address = {Göttingen},
	edition = {1., Aufl.},
	title = {Handbuch der {Psychologie} / {Handbuch} der {Sozialpsychologie} und {Kommunikationspsychologie}},
	isbn = {9783801718442},
	author = {Bierhoff, Hans W. and Frey, Dieter},
	month = jun,
	year = {2006}
}

@book{brettel_erfolgreiche_2009,
	title = {Erfolgreiche Unternehmerteams},
	isbn = {3-8349-0302-7},
	author = {Brettel, Malte and Heinemann, Florian and Sander, Thies and Spieker, Marc and Strigel, Marc and Weiß, Kathrin},
	year = {2009}
}

@book{dick_teamwork_2013,
	address = {Göttingen},
	edition = {2., überarb. u. erw. Aufl.},
	series = {Praxis der {Personalpsychologie}},
	title = {Teamwork, {Teamdiagnose}, {Teamentwicklung}},
	volume = {Band 8, Ed. 2},
	isbn = {9783840924811},
	language = {ger},
	publisher = {Hogrefe},
	author = {Dick, Rolf van and {Michael A. West}},
	year = {2013},
	keywords = {Betriebliche Gruppenarbeit, Betriebliches Personalwesen, Betrieb Personalpolitik, Betrieb Personalwesen, Gruppe Dynamik, Gruppenarbeit Betrieb, Gruppendynamik, Gruppenprozess, Online-Publikation, Personalarbeit, Personalmanagement, Personalpolitik, Personalpsychologie, Personal Psychologie, Personalwesen, Personalwirtschaft, Personalwirtschaftslehre Personalpolitik, Personalwirtschaftslehre Personalwesen, Teamarbeit, Teamentwicklung, Teamwork, Unternehmen Personalpolitik, Unternehmen Personalwesen, Unternehmen Teamentwicklung}
}

@book{thomas_grundris_1991,
	title = {Grundriß der {Sozialpsychologie}, in 2 {Bdn}., {Bd}.2, {Individuum}, {Gruppe}, {Gesellschaft}: {BD} 2},
	shorttitle = {Grundriß der {Sozialpsychologie}, in 2 {Bdn}., {Bd}.2, {Individuum}, {Gruppe}, {Gesellschaft}},
	language = {Deutsch},
	publisher = {Hogrefe Verlag},
	author = {Thomas, Alexander},
	month = nov,
	year = {1991}
}

@incollection{sturm_arbeit_2011,
	title = {Arbeit in {Gruppen}},
	copyright = {©2011 VS Verlag für Sozialwissenschaften {\textbar} Springer Fachmedien Wiesbaden GmbH, Wiesbaden},
	isbn = {978-3-531-16725-1, 978-3-531-93074-9},
	url = {http://link.springer.com/chapter/10.1007/978-3-531-93074-9_4},
	abstract = {Wieviel Wahrheit steckt in diesem Zitat von Schiller? Auf jeden Fall sind Gruppenarbeit und das Arbeiten in Teams aus dem heutigen Arbeitsleben nicht mehr wegzudenken. Im folgenden Kapitel wird nach einer historischen Einordnung von Gruppenarbeit im organisationalen Kontext in Europa zunächst der Begriff Gruppenarbeit näher bestimmt, Entwicklungsprozesse von Gruppen dargestellt und erörtert, unter welchen Voraussetzungen und Bedingungen Gruppenarbeit eingeführt werden sollte. Im Anschluss daran erfolgt eine genauere Betrachtung der unterschiedlich en Formen von Gruppenarbeit und speziellen psychologischen Gruppenphänomenen, bevor mögliche Vor- und Nachteile der Gruppenarbeit behandelt werden.},
	language = {de},
	urldate = {2015-05-25},
	booktitle = {Organisationspsychologie},
	publisher = {VS Verlag für Sozialwissenschaften},
	author = {Sturm, Alexandra and Opterbeck, Ilga and Gurt, Jochen},
	year = {2011},
	keywords = {Industrial and Organisational Psychology},
	pages = {99--116}	
}

@misc{gruppen-bildung,
	title = {Gruppen-{Bildung} – {Facebook}-{Gruppen}, {WhatsApp} und {Co}. zum {Lernen} nutzen{\textbar} {Web} 2.0 in der politischen {Bildung}},
	author = {Jöran Muuß-Merholz and Matthias Andrasch},
	url = {http://pb21.de/2014/07/gruppen-bildung-facebook-gruppen-whatsapp-und-co-zum-lernen-nutzen/},
	abstract = {Vergleich verschiedener Gruppen-Funktionen bei Facebook, Google+, BuddyPress, Threema, WhatsApp und anderen. Dazu: Ideen für den Einsatz in der Bildung},
	urldate = {2015-05-25}
	
	}
	
@misc{magic_quadrant,
	title = {Gartner Magic Quadrant},
	author = {Gartner Group},
	url = {http://www.gartner.com/technology/research/methodologies/research_mq.jsp},
	urldate = {2015-05-25}
	
	}
	
	

@book{spies_organisationspsychologie_2010,
	title = {Organisationspsychologie: {Basiswissen}, {Konzepte} und {Anwendungsfelder}},
	isbn = {9783486583397},
	shorttitle = {Organisationspsychologie},
	abstract = {Die verschiedenen Facetten des Erlebens und Verhaltens in Organisationen werden in diesem Buch anhand organisationspsychologischen Basiswissens und psychologisch relevanter Konzepte vorgestellt. In exemplarischen Anwendungsfeldern wie Fuhrung, Personalauswahl, Gruppen- und Teamarbeit, Unternehmenszusammenschlussen, Unternehmenskultur, Beratung, Work-Life Balance, Karriereplanung, interkulturelles Handeln, Organisations- und Personalentwicklung sowie Gesundheit in Organisationen wird das organisationspsychologische Wissen verdeutlicht und diskutiert."},
	language = {de},
	publisher = {Oldenbourg Verlag},
	author = {Spieß, Erika and Rosenstiel, Lutz von},
	month = apr,
	year = {2010},
	keywords = {Social Science / General}
}





@Book{avison1995,
  Title                    = {Information Systems Development},
  Author                   = {David E. Avison and Guy Fitzgerald},
  Publisher                = {McGraw-Hill},
  Year                     = {1995},
  Address                  = {London},
  Edition                  = {2},
  Subtitle                 = {Methodologies, Techniques and Tools}
}

@PhdThesis{Delfmann2007a,
  Title                    = {Adaptive Referenzmodellierung. Methodische Konzepte zur Konstruktion und Anwendung wiederverwendungsorientierter Informationsmodelle},
  Author                   = {Patrick Delfmann},
  School                   = {University of Münster},
  Year                     = {2007},

  Owner                    = {s_herw01},
  Timestamp                = {2009.04.29}
}

@Misc{Geron2013,
  Title                    = {{Airbnb And The Unstoppable Rise Of The Share Economy}},

  Author                   = {Geron, Tomio},
  Year                     = {2013},

  Abstract                 = {The article discusses the emergence of a share economy, wherein asset owners utilize digital clearinghouses to make the most out of the unused capacity of things that people have. It says that consumers rent from their peers instead of purchasing or renting from a company in this phenomenon. The author adds that 100 companies or more have emerged in the last four years to give owners a small income stream out of various types of physical assets without need to purchase anything.},
  Booktitle                = {Forbes},
  Keywords                 = {business enterprises,clearinghouses,consumers,sharing,typology},
  Mendeley-tags            = {business enterprises,clearinghouses,consumers,sharing,typology},
  Url                      = {http://www.forbes.com/sites/tomiogeron/2013/01/23/airbnb-and-the-unstoppable-rise-of-the-share-economy/},
  Urldate                  = {2014-07-30}
}



@Article{markus.1988,
  Title                    = {Information technology and organizational change},
  Author                   = {M. Lynne Markus and Daniel Robey},
  Journal                  = {Management Science},
  Year                     = {1988},
  Number                   = {5},
  Pages                    = {583-598},
  Volume                   = {34},

  Subtitle                 = {Causal structure in theory and research}
}

@TechReport{Mendling2005,
  Title                    = {EPC Markup Language (EPML) - An XML-Based Interchange Format for Event-Driven Process Chains (EPC)},
  Author                   = {Jan Mendling and Markus Nüttgens},
  Institution              = {Vienna University of Economics and Business Administration},
  Year                     = {2005},
  Number                   = {JM-2005-03-10},
  Type                     = {Technical Report},

  Owner                    = {s_herw01},
  Timestamp                = {2009.05.03}
}

@Book{ward_benefits_2012,
  Title                    = {Benefits Management : How to Increase the Business Value of Your IT Projects},
  Author                   = {John Ward and Elizabeth Daniel},
  Editor                   = {2nd Edition},
  Year                     = {2012},
  ISBN                     = {1-119-99326-1}
}

@InProceedings{kautz.1994,
  Title                    = {The failure to introduce systems development
 methods},
  Author                   = {Karlheinz Kautz and Tom McMaster},
  Booktitle                = {Proceedings of the {IFIP TC8} Working Conference on
 Diffusion, Transfer and Implementation of
 Information Technology},
  Year                     = {1994},

  Address                  = {Amsterdam},
  Editor                   = {Linda Levine},
  Number                   = {A-45},
  Pages                    = {275},
  Publisher                = {North-Holland},
  Series                   = {IFIP Transactions},

  Subtitle                 = {A factor-based analysis}
}

@InProceedings{ward_managing_2007,
	title = {Managing Benefits from IS/IT Investments: An Empirical Investigation into Current Practice},
	shorttitle = {Managing Benefits from IS/IT Investments},
	doi = {10.1109/HICSS.2007.330},
		booktitle = {40th {Annual} {Hawaii} {International} {Conference} on {System} {Sciences}, 2007. {HICSS} 2007},
	author = {John Ward and Steven DeHertogh and Stijn Viaene},
	month = jan,
	year = {2007},
	pages = {206a--206a},
}

@INPROCEEDINGS{4439162,
author={Schwabe, Gerhard and Banninger, P.},
booktitle={Hawaii International Conference on System Sciences, Proceedings of the 41st Annual},
title={IT-Benefits-Management in the Swiss Financial Sector},
year={2008},
month={Jan},
pages={456-456},
keywords={financial management;information technology;IT benefits management;IT project;Swiss financial industry;Swiss financial sector;benefits realization planning;information technology;Appropriate technology;Financial management;Information management;Instruments;Investments;Process planning;Project management;Proposals;Speech;Technology management},
doi={10.1109/HICSS.2008.224},
ISSN={1530-1605},}


@INPROCEEDINGS{braun_benefits_2009,
	title = {{BENEFITS} {MANAGEMENT} – {A} {LITERATURE} {REVIEW} {AND} {ELEMENTS} {OF} {A} {RESEARCH} {AGENDA}},
	url = {http://aisel.aisnet.org/wi2009/54},
	booktitle = {Wirtschaftsinformatik Proceedings 2009},
	author = {Braun, Jessica and Ahlemann, Frederik and Riempp, Gerold},
	month = {Jan},
	year = {2009},
	pages={555-564}	
}

@article{Chaudhuri:2011:OBI:1978542.1978562,
 author = {Chaudhuri, Surajit and Dayal, Umeshwar and Narasayya, Vivek},
 title = {An Overview of Business Intelligence Technology},
 journal = {Commun. ACM},
 issue_date = {August 2011},
 volume = {54},
 number = {8},
 month = aug,
 year = {2011},
 issn = {0001-0782},
 pages = {88--98},
 numpages = {11},
 url = {http://doi.acm.org/10.1145/1978542.1978562},
 doi = {10.1145/1978542.1978562},
 acmid = {1978562},
 publisher = {ACM},
 address = {New York, NY, USA},
} 

@article{delone_mclean_success_2003,
Abstract = {Ten years ago, we presented the DeLone and McLean Information Systems (IS) Success Model as a framework and model for measuring the complex-dependent variable in IS research. In this paper, we discuss many of the important IS success research contributions of the last decade, focusing especially on research efforts that apply, validate, challenge, and propose enhancements to our original model. Based on our evaluation of those contributions, we propose minor refinements to the model and propose an updated DeLone and McLean IS Success Model. We discuss the utility of the updated model for measuring e-commerce system success. Finally, we make a series of recommendations regarding current and future measurement of IS success. [ABSTRACT FROM AUTHOR]},
Author = {William H. DeLone and Ephraim R. McLean},
ISSN = {07421222},
Journal = {Journal of Management Information Systems},
Keywords = {INFORMATION resources management, INFORMATION science, RESEARCH, TEST methods, INFORMATION technology -- Management, MANAGEMENT information systems, ELECTRONIC commerce, INDUSTRIAL management, TECHNOLOGY, EVALUATION, ENDOWMENT of research, RESEARCH use, MECHANICAL engineering, SOCIAL aspects, evaluation of information systems, impact of information technology, INFORMATION QUALITY, Information Systems Success, SERVICE QUALITY, Systems Quality, use of information systems, USER SATISFACTION},
Number = {4},
Pages = {9 - 30},
Title = {The DeLone and McLean Model of Information Systems Success: A Ten-Year Update.},
Volume = {19},
URL = {http://search.ebscohost.com/login.aspx?direct=true&db=buh&AN=9460622&site=ehost-live},
Year = {2003},
}


@INCOLLECTION{chamonigluchowski2006,
  author = {Peter Chamoni and Peter Gluchowski},
  title = {Analytische Informationssysteme - Einordnung und Überblick},
  pages = {3-22},
  shortauthor = {Chamoni/Gluchowski},
  shorttitle = {Informationssysteme},
  year = {2006},
  editor = {Peter Chamoni and Peter Gluchowski},
  address = {Berlin/Heidelberg/New York},
  edition = {{3., vollständig überarbeitete}},
  booktitle = {Analytische Informationssysteme. Business Intelligence-Technologien und -Anwendungen} 
}

@article{peppard2004beyond,
  title={Beyond strategic information systems: towards an IS capability},
  author={Peppard, Joe and Ward, John},
  journal={The Journal of Strategic Information Systems},
  volume={13},
  number={2},
  pages={167--194},
  year={2004},
  publisher={Elsevier}
}


@book{ward2002,
 author = {Ward, John and Peppard, Joe},
 title = {Strategic Planning for Information Systems},
 year = {2002},
 isbn = {0470841478},
 edition = {3rd},
 publisher = {John Wiley \& Sons, Inc.},
 address = {New York, NY, USA},
} 

@ARTICLE{gluchowski2001,
author = {Peter Gluchowski},
title = {Business Intelligence. Konzepte, Technologien und Einsatzbereiche},
journal = {HMD Praxis der Wirtschaftsinformatik},
shortauthor = {Gluchowski},
shorttitle = {Business Intelligence},
year = 2001,
pages = {5-15},
number = {222},
address = {Heidelberg}
}

@INPROCEEDINGS{hesselmann_not_2015,
	title = {Not {Everybody}'s {Darling} - {Investigating} the {Acceptance} of {Benefits} {Management} and {Moderating} {Organizational} {Characteristics}},
	url = {http://aisel.aisnet.org/wi2015/40},
	booktitle = {Wirtschaftsinformatik Proceedings 2015},
	author = {Hesselmann, Florian and Ahlemann, Frederik and Böhl, Dennis},
	month = {mar},
	year = {2015}	,
	pages = {585-599}
}


@Misc{gartner_threetrends,
  Title                    = {{Gartner Predicts Three Big Data Trends for Business Intelligence}},
  Author                   = {Laney, Doug},
  Year                     = {2015},
  Booktitle                = {Forbes},
  Url                      = {http://www.forbes.com/sites/gartnergroup/2015/02/12/gartner-predicts-three-big-data-trends-for-business-intelligence/},
  Urldate                  = {2015-04-03}
}


@Misc{gartner_threetrends_bi,
  Title                    = {{Gartner Predicts Three Big Data Trends for Business Intelligence}},
  Author                   = {Laney, Doug},
  Year                     = {2015},
  Booktitle                = {Forbes},
  Url                      = {http://www.forbes.com/sites/gartnergroup/2015/02/12/gartner-predicts-three-big-data-trends-for-business-intelligence/},
  Urldate                  = {2015-04-03}
}

@Misc{gartner_cio_investments,
  Title                    = {{CIOs name BI and analytics No. 1 investment priority for 2015}},
  Author                   = {N.U.},
  Year                     = {2015},
  Booktitle                = {Gartner},
  Url                      = {http://gartnerevent.com/NABI13Survey},
  Urldate                  = {2015-04-03}
}

@article{economist_data_2010,
	title = {Data, data everywhere},
	Author = {N.U.},
	issn = {0013-0613},
	url = {http://www.economist.com/node/15557443/print},
	abstract = {Information has gone from scarce to superabundant. That brings huge new benefits, says Kenneth Cukier (interviewed here)—but also big headaches},
	urldate = {2015-04-09},
	journal = {The Economist},
	month = feb,
	year = {2010}	
}

@book{howson_bi_2007,
	title = {Successful {Business} {Intelligence}: {Secrets} to {Making} {BI} a {Killer} {App}: {Secrets} to {Making} {BI} a {Killer} {App}},
	isbn = {9780071596145},
	shorttitle = {Successful {Business} {Intelligence}},
	abstract = {Praise for Successful Business Intelligence "If you want to be an analytical competitor, you've got to go well beyond business intelligence technology. Cindi Howson has wrapped up the needed advice on technology, organization, strategy, and even culture in a neat package. It's required reading for quantitatively oriented strategists and the technologists who support them." --Thomas H. Davenport, President's Distinguished Professor, Babson College and co-author, Competing on Analytics "When used strategically, business intelligence can help companies transform their organization to be more agile, more competitive, and more profitable. Successful Business Intelligence offers valuable guidance for companies looking to embark upon their first BI project as well as those hoping to maximize their current deployments." --John Schwarz, CEO, Business Objects "A thoughtful, clearly written, and carefully researched examination of all facets of business intelligence that your organization needs to know to run its business more intelligently and exploit information to its fullest extent." --Wayne Eckerson, Director, TDWI Research "Using real-world examples, Cindi Howson shows you how to use business intelligence to improve the performance, and the quality, of your company." --Bill Baker, Distinguished Engineer \& GM, Business Intelligence Applications, Microsoft Corporation "This book outlines the key steps to make BI an integral part of your company's culture and demonstrates how your company can use BI as a competitive differentiator." --Robert VanHees, CFO, Corporate Express "Given the trend to expand the business analytics user base, organizations are faced with a number of challenges that affect the success rate of these projects. This insightful book provides practical advice on improving that success rate." --Dan Vesset, Vice President, Business Analytics Solution Research, IDC},
	language = {en},
	publisher = {McGraw Hill Professional},
	author = {Howson, Cindi},
	month = dec,
	year = {2007},
	keywords = {Business \& Economics / Strategic Planning, Computers / Databases / General, Computers / Enterprise Applications / General}
}

@article{ahlemann_exploiting_2013,
	title = {Exploiting {Is}/{It} {Projects}' {Potential} - {Towards} {A} {Design} {Theory} {For} {Benefits} {Management}},
	url = {http://aisel.aisnet.org/ecis2013_cr/210},
	journal = {ECIS 2013 Completed Research},
	author = {Ahlemann, Frederik and Hesselmann, Florian and Braun, Jessica and Mohan, Kunal},
	month = jul,
	year = {2013}
}


@book{bachmann_raus_2011,
	address = {Heidelberg; München; Landsberg; Frechen; Hamburg},
	edition = {2. überarbeitete Auflage 2011},
	title = {Raus aus der {BI}-{Falle}: {Wie} {Business} {Intelligence} zum {Erfolg} wird},
	isbn = {9783826691065},
	shorttitle = {Raus aus der {BI}-{Falle}},
	abstract = {Praxiswissen von InsidernErkenntnisse aus realen ProjektenKompakt, verständlich, pointiert Raus aus der BI-Falle - Wie Business Intelligence zum Erfolg wirdAus dem Inhalt:Business Intelligence \& Business IntuitionIT-Verantwortliche in der DefensiveStrukturelle Ursachen für das Scheitern von BI-InitiativenDer BI-Killer: By-Pass-Reporting und die FolgenVon der Unternehmensstrategie zum Enterprise Data WarehouseVom Enterprise Data Warehouse zum Business Enabler BIClosed Loops der BIBusiness Intelligence auf Projektebene umsetzenBusiness Intelligence erfolgreich managenWege aus der BI-FalleKlassische Zielkonflikte und deren Auflösung in BI-ProjektenBI Quick Check IT-Verantwortliche in Unternehmen aller Größenordnungen agieren heute im Spannungsfeld kurzfristig benötigter Quick Wins und langfristiger Konsolidierungserfordernisse. Nach Jahren hoher Investitionen in Technologie ohne wirkliche Mehrwerte wird heute aufgrund zunehmenden Kostenbewusstseins von der IT eine positive Rendite gefordert. Angesichts historisch gewachsener, heterogener Systemlandschaften bilden diese Anforderungen an IT-Abteilungen jedoch die Pole eines permanenten Konfliktes: Wie können IT-Systeme heute schon das liefern, was sie aufgrund laufender Optimierungsmaßnahmen erst morgen können werden? Dieses Buch beschreibt auf Basis der langjährigen Erfahrung der Autoren in der Umsetzung von Business Intelligence-Projekten einen möglichen und praktikablen Weg aus dem Dilemma mittels Aufbau von Business Intelligence. Kernaspekt: Schluss mit der Technikgläubigkeit! Im Mittelpunkt von Business Intelligence stehen Menschen in Prozessen, die bei Ihren Entscheidungen durch optimierte IT-Systeme unterstützt werden. Die IT-Systeme selbst sind aus diesem Blickwinkel betrachtet lediglich Bestandteile eines auf permanenten Wandel ausgerichteten, lebendigen Organismus. Dieser Organismus braucht zur Ausschöpfung seiner Potentiale mehr denn je den Dialog zwischen Management und Technologie. Nur so können Unternehmen sich zukünftig in Märkten mit Verdrängungswettbewerb behaupten.Business Intelligence ist ein Unternehmensprozess! Ronald Bachmannarbeitete nach einer kaufmännischen IT-Ausbildung zunächst im Vertrieb von Business-Software für den Mittelstand. Später wechselte er als Leiter Vertrieb zu einem Hersteller in der Gesundheitsbranche, wo er unter anderem für die Einführung von IT-gestütztem Vertriebscontrolling verantwortlich war. Es folgte eine mehrjährige Tätigkeit bei einem der größten europäischen ICT-Dienstleister als zertifizierter Projektleiter in den Bereichen Data Warehouse und Business Intelligence. Dort war er als Program Manager an der Konsolidierung der Corporate Data Warehouse-Architektur beteiligt. Ronald Bachmann arbeitet heute bei der proMetis Consulting GmbH als Berater im Bereich Data Warehouse, Business Intelligence und Corporate Performance Management. Dr. Guido Kemperhat nach dem Studium der Mathematik und Physik zunächst die wissenschaftliche Laufbahn eingeschlagen und im Rahmen einer Promotion in Kernphysik erste intensivere Erfahrungen mit Datenbanken und der Verarbeitung und Interpretation großer Datenmengen gesammelt. Im Folgenden nahm er eine Assistenz-Professur am Lehrstuhl Wirtschaftsinformatik der Rheinischen Fachhochschule Köln an mit den Schwerpunkten Mathematik, Statistik und Reporting. Später wechselte er als Berater mit dem Schwerpunkt Business Intelligence zu einer führenden Management- und Technologieberatung. Es folgte eine mehrjährige Tätigkeit als Berater in diversen Großprojekten, in welchen er umfangreiche Erfahrung im Bereich Business Intelligence sammelte. Unter anderem verantwortete er die BI-Einführung innerhalb des Aufbauprojektes von Toll-Collect. Als Mitgründer der heutigen proMetis Consulting GmbH ist er Gesellschafter und Geschäftsführer der Management- und Technologieberatung mit Schwerpunkt Business Intelligence mit dem Ziel der Verbesserung des Dialoges zwischen Management und Technologie.},
	language = {Deutsch},
	publisher = {mitp},
	author = {Bachmann, Ronald and Kemper, Guido},
	month = mar,
	year = {2011}
}

@BOOK{kempermehannaunger2006,
  title = {Business Intelligence. Grundlagen und praktische Anwendungen. Eine
	Einführung in die IT-basierte Managementunterstützung},
  year = {2006},
  author = {Hans-Georg Kemper and Walid Mehanna and Carsten Unger},
  address = {Wiesbaden},
  edition = {{2., ergänzte}},
  shortauthor = {Kemper/Mehanna/Unger},
  shorttitle = {Business Intelligence},
}

@BOOK{krcmar2005,
  title = {Informationsmanagement},
  year = {2005},
  author = {Helmut Krcmar},
  address = {Berlin/Heidelberg/New York},
  edition = {{4., überarbeitete und erweiterte}},
  shortauthor = {Krcmar},
  shorttitle = {Informationsmanagement}
}

@ARTICLE{luhn1958,
author = {Hans Peter Luhn},
title = {A Business Intelligence System},
journal = {IBM Journal of Research
and Development},
shortauthor = {Luhn},
shorttitle = {Business Intelligence System},
year = 1958,
pages = {314-319},
number = {4},
volume = {2},
url = {http://www.research.ibm.com/journal/rd/024/ibmrd0204H.pdf},
urldate = {2008-11-03}
}

@MISC{gartner2008,
  author = {{Gartner Group}},
  title = {Gartner Fellows Biography Howard Dresner},
  year = {2008},
  address = {Stamford},
  shortauthor = {{Gartner Group}},
  shorttitle = {Gartner Fellows},
  url = {http://www.gartner.com/research/fellows/asset_79427_1175.jsp},
  urldate = {03.11.2008}
}

@book{hansen_wirtschaftsinformatik_2009,
	address = {Stuttgart},
	edition = {10., völlig neubearb. und erw. Aufl.},
	title = {Wirtschaftsinformatik 1},
	isbn = {9783825226695},
	abstract = {Die Neuauflage eines wirklichen Bestsellers (über 480.000 verkaufte Exemplare!) 'Einer der großen Vorzüge dieses beachtlichen Werkes ist, dass man es als Lehrbuch für das gesamte große Feld der Wirtschaftsinformatik, für ein Teilgebiet oder als Nachschlagewerk verwenden kann, denn die Autoren zwingen die Leserin und den Leser nicht dazu, eine bestimmte Reihenfolge einzuhalten.' Prof. Dr. Dr. h.c. mult. P. Mertens, Erlangen-Nürnberg 'Das Lehrbuch ist eine übersichtlich strukturierte, aktuelle und leicht verständliche Einführung in die Informationstechnik, ihre Anwendungen sowie ihren wirtschaftlichen und sozialen Kontext. Ich empfehle es Studierenden wie Praktikern als Einstiegs- und Nachschlagewerk.'  Prof. Dr. H. Österle, St. Gallen 'Das gesamte Gebiet der Wirtschaftsinformatik in einem zweibändigen Werk zu erfassen,wird immer schwieriger. Den Autoren ist dies aber in beeindruckender Weise gelungen. Besonders begrüße ich, dass die ARIS-Methode für Geschäftsprozessmanagement als eine treibende Kraft für Workflow-gesteuerte Anwendungssoftware herausgestellt ist und die SAP-Software als weltweit führende betriebswirtschaftliche Software ihren gebührenden Platz erhält.' Prof. Dr. Dr. h.c. mult. A.-W. Scheer, Saarbrücken},
	language = {Deutsch},
	publisher = {UTB, Stuttgart},
	author = {Hansen, Hans Robert and Neumann, Gustaf},
	month = jun,
	year = {2009}
}

@BOOK{stahlknechthasenkamp2005,
  title = {Einführung in die Wirtschaftsinformatik},
  year = {2005},
  author = {Peter Stahlknecht and Ulrich Hasenkamp},
  address = {Berlin/Heidelberg/New York},
  edition = {{11., vollständig überarbeitete}},
  shortauthor = {Stahlknecht/Hasenkamp},
  shorttitle = {Wirtschaftsinformatik}
}

@BOOK{burstein_handbook_2008,
	title = {Handbook on {Decision} {Support} {Systems}, {Volume} 1: {Basic} {Themes}. {International} {Handbook} on {Information} {Systems}},
	isbn = {3-540-48712-3},
	url = {http://link.springer.com/book/10.1007%2F978-3-540-48713-5},
	author = {Burstein, Frada and Holsapple Cylde W.},
	year = {2008}
}

@mastersthesis{banninger_benefits_2004,
	address = {Zürich},
	title = {Benefits {Management} - {Behandlung} des {Nutzens} aus {IT}-{Projekten}},
	abstract = {Diplomarbeit Univ. Zürich, 2004},
	language = {ger},
	publisher = {sn},
	author = {Bänninger, Pascal},
	year = {2004}
}



@article{chaudhuri_overview_2011,
	title = {An {Overview} of {Business} {Intelligence} {Technology}},
	volume = {54},
	issn = {0001-0782},
	url = {http://doi.acm.org/10.1145/1978542.1978562},
	doi = {10.1145/1978542.1978562},
	abstract = {BI technologies are essential to running today's businesses and this technology is going through sea changes.},
	number = {8},
	urldate = {2015-04-10},
	journal = {Commun. ACM},
	author = {Chaudhuri, Surajit and Dayal, Umeshwar and Narasayya, Vivek},
	month = aug,
	year = {2011},
	pages = {88--98}
	}
	
	@article{dhar_data_2013,
	title = {Data {Science} and {Prediction}},
	volume = {56},
	issn = {0001-0782},
	url = {http://doi.acm.org/10.1145/2500499},
	doi = {10.1145/2500499},
	abstract = {Big data promises automated actionable knowledge creation and predictive models for use by both humans and computers.},
	number = {12},
	urldate = {2015-04-10},
	journal = {Commun. ACM},
	author = {Dhar, Vasant},
	month = dec,
	year = {2013},
	pages = {64--73}
}

@INPROCEEDINGS{kretzer_designer_2015,
	title = {Design {Principles} for {Diffusion} of {Reports} and {Innovative} {Use} of {Business} {Intelligence} {Platforms}},
	url = {http://aisel.aisnet.org/wi2015/46},
	booktitle = {Wirtschaftsinformatik Proceedings 2015},
	author = {Kretzer, Martin and Gass, Oliver and Mädche, Alexander},
	month = mar,
	year = {2015}
}

@book{ganosr_von_2010,
	address = {München},
	title = {Von der {Strategie} zum {Business} {Intelligence} {Competency} {Center} ({BICC}) : {Konzeption}, {Betrieb}, {Praxis}},
	isbn = {9783446421332},
	shorttitle = {Von der {Strategie} zum {Business} {Intelligence} {Competency} {Center} ({BICC})},
	language = {ger},
	publisher = {Hanser},
	author = {Ganosr, Tom and Totok, Andreas and Stock, Steffen},
	year = {2010}
}